



@inproceedings{mainPaper,
	title			={A basic linear algebra compiler for structured matrices},
	author			={Spampinato, Daniele G and P{\"u}schel, Markus},
	booktitle		={Code Generation and Optimization (CGO), 2016 IEEE/ACM International Symposium on},
	pages			={117--127},
	year			={2016},
	organization	={IEEE}
}
