


@inproceedings
{mainPaper,
	title		={Theoretical views of boosting and applications},
	author		={Schapire, Robert E},
	booktitle	={International Conference on Algorithmic Learning Theory},
	pages		={13--25},
	year		={1999},
	organization={Springer}
}
