




@article{mainPaper,
	title		={Roofline: an insightful visual performance model for multicore architectures},
	author		={Williams, Samuel and Waterman, Andrew and Patterson, David},
	journal		={Communications of the ACM},
	volume		={52},
	number		={4},
	pages		={65--76},
	year		={2009},
	publisher	={ACM}
}